<?xml version="1.0" encoding="UTF-8"?><record xmlns="http://www.loc.gov/MARC21/slim" xmlns:cinclude="http://apache.org/cocoon/include/1.0" xmlns:zs="http://www.loc.gov/zing/srw/">
  <leader>00885cz  a2200217n  4500</leader>
  <controlfield tag="001">n  85081881 </controlfield>
  <controlfield tag="003">DLC</controlfield>
  <controlfield tag="005">20100516080700.0</controlfield>
  <controlfield tag="008">850614n| acannaabn          |a ana      </controlfield>
  <datafield tag="010" ind1=" " ind2=" ">
    <subfield code="a">n  85081881 </subfield>
  </datafield>
  <datafield tag="034" ind1=" " ind2=" ">
    <subfield code="d">W0110000</subfield>
    <subfield code="e">W0110000</subfield>
    <subfield code="f">N0071000</subfield>
    <subfield code="g">N0071000</subfield>
    <subfield code="2">geonames</subfield>
  </datafield>
  <datafield tag="035" ind1=" " ind2=" ">
    <subfield code="a">(OCoLC)oca01350464</subfield>
  </datafield>
  <datafield tag="040" ind1=" " ind2=" ">
    <subfield code="a">DLC</subfield>
    <subfield code="b">eng</subfield>
    <subfield code="c">DLC</subfield>
    <subfield code="d">DLC</subfield>
    <subfield code="d">OCoLC</subfield>
  </datafield>
  <datafield tag="043" ind1=" " ind2=" ">
    <subfield code="a">f-lb---</subfield>
  </datafield>
  <datafield tag="151" ind1=" " ind2=" ">
    <subfield code="a">Grand Cape Mount County (Liberia)</subfield>
  </datafield>
  <datafield tag="451" ind1=" " ind2=" ">
    <subfield code="a">Cape Mount County (Liberia)</subfield>
  </datafield>
  <datafield tag="451" ind1=" " ind2=" ">
    <subfield code="a">Grand Cape County (Liberia)</subfield>
  </datafield>
  <datafield tag="670" ind1=" " ind2=" ">
    <subfield code="a">Liberian Cartographic Service. Map of western Liberia showing Grand Cape Mount ... 1975.</subfield>
  </datafield>
  <datafield tag="670" ind1=" " ind2=" ">
    <subfield code="a">BGN, 4-8-85</subfield>
    <subfield code="b">(Grand Cape Mount [brief] County, 1st order admin. div., 7°05ʹN, 10°50ʹW; variants: Cape Mount County, Grand Cape County)</subfield>
  </datafield>
  <datafield tag="670" ind1=" " ind2=" ">
    <subfield code="a">GeoNames, algorithmically matched, 2009</subfield>
    <subfield code="b">(adm1; 07°10ʹ00ʺN 011°00ʹ00ʺW)</subfield>
  </datafield>
  <datafield tag="781" ind1=" " ind2="0">
    <subfield code="z">Liberia</subfield>
    <subfield code="z">Grand Cape Mount County</subfield>
  </datafield>
</record>